@article{Magoulas:2012jy,
    author = "Magoulas, Christina and Springob, Christopher M. and Colless, Matthew and Jones, D.Heath and Campbell, Lachlan A. and Lucey, John R. and Mould, Jeremy and Jarrett, Tom and Merson, Alex and Brough, Sarah",
    title = "{The 6dF Galaxy Survey: The Near-Infrared Fundamental Plane of Early-Type Galaxies}",
    eprint = "1206.0385",
    archivePrefix = "arXiv",
    primaryClass = "astro-ph.CO",
    doi = "10.1111/j.1365-2966.2012.21421.x",
    journal = "Mon. Not. Roy. Astron. Soc.",
    volume = "427",
    pages = "245",
    year = "2012"
}
